<?xml version="1.0" encoding="UTF-8"?><collection xmlns="http://www.loc.gov/MARC21/slim"><record><leader>00315nam--2200121-i-4500</leader><controlfield tag="001">000016921</controlfield><controlfield tag="002">20161230</controlfield><controlfield tag="005">20161230201032</controlfield><controlfield tag="008">060222s1000------------r-----000-0-eng-d</controlfield><datafield ind1=" " ind2=" " tag="245"><subfield code="a">Elektronenrohrenphysik in einzelberichten</subfield></datafield><datafield ind1=" " ind2=" " tag="260"><subfield code="a">Munchen, Franzis-verlag, 1953. 278 P</subfield></datafield><datafield ind1=" " ind2=" " tag="700"><subfield code="a">Rothe, Von Horst</subfield></datafield><datafield ind1=" " ind2=" " tag="852"><subfield code="a">10701</subfield></datafield></record></collection>